@online{DPC,
  author = "Robert K. Kutschke",
  title  = "Mu2e Data Processing Operational Requirements",
  url    = "https://mu2e-docdb.fnal.gov/cgi-bin/sso/ShowDocument?docid=22960&version=3"
}

@online{beamTiming,
  author = "Mu2e Proton Beam Longitudinal Structure",
  title  = "Steven J. Werkema",
  url    = "https://mu2e-docdb.fnal.gov/cgi-bin/sso/ShowDocument?docid=23380&version=2"
}

@online{PEOP,
  author = "Mu2e Preliminary Experiment Operations Plan",
  title  = "Greg Rakness",
  url    = "https://mu2e-docdb.fnal.gov/cgi-bin/sso/ShowDocument?docid=31439&version=5"
}
